<?xml version="1.0" encoding="UTF-8"?><collection xmlns="http://www.loc.gov/MARC21/slim"><record><leader>00367nam--2200121-i-4500</leader><controlfield tag="001">000047248</controlfield><controlfield tag="002">20161230</controlfield><controlfield tag="005">20161230201046</controlfield><controlfield tag="008">060222s1000------------r-----000-0-eng-d</controlfield><datafield ind1=" " ind2=" " tag="080"><subfield code="a">001.89</subfield></datafield><datafield ind1=" " ind2=" " tag="245"><subfield code="a">Whiteshell nuclear research establishment. atomic energy of canada limited publ.number 3021</subfield></datafield><datafield ind1=" " ind2=" " tag="260"><subfield code="a">Whiteshell, Public Relatiions Office, 1970. 24 P</subfield></datafield><datafield ind1=" " ind2=" " tag="852"><subfield code="a">31544</subfield></datafield></record></collection>